@book{Bishop:2006:PRM:1162264,
 author = {Bishop, Christopher M.},
 title = {Pattern Recognition and Machine Learning (Information Science and Statistics)},
 year = {2006},
 isbn = {0387310738},
 publisher = {Springer-Verlag},
 address = {Berlin, Heidelberg},
} 


@misc{ quoraSVM,
    author = "{Nishant Nikhil}",
    title = "What are the objective functions of hard-margin and soft margin SVM?",
    year = "2016",
    howpublished = "\url{https://www.quora.com/What-are-the-objective-functions-of-hard-margin-and-soft-margin-SVM}",
    note = "[Online; accessed 01-November-2018]"
  }
